%% This BibTeX bibliography file was created using BibDesk.
%% http://bibdesk.sourceforge.net/

%% Created for Michael Adams at 2020-02-21 11:22:39 +0100 


%% Saved with string encoding Unicode (UTF-8) 



@article{einstein1905molekularkinetischen,
	Author = {Einstein, Albert},
	Date-Added = {2020-02-21 11:22:12 +0100},
	Date-Modified = {2020-02-21 11:22:12 +0100},
	Journal = {Annalen der physik},
	Number = {8},
	Pages = {549--560},
	Publisher = {Wiley Online Library},
	Title = {{\"U}ber die von der molekularkinetischen Theorie der W{\"a}rme geforderte Bewegung von in ruhenden Fl{\"u}ssigkeiten suspendierten Teilchen},
	Volume = {322},
	Year = {1905}}

@article{garcia2011comparison,
	Author = {Garcia-Alvarez, David},
	Date-Added = {2020-02-15 22:44:53 +0100},
	Date-Modified = {2020-02-15 22:44:53 +0100},
	Journal = {arXiv preprint arXiv:1102.4401},
	Title = {A comparison of a few numerical schemes for the integration of stochastic differential equations in the Stratonovich interpretation},
	Year = {2011}}

@article{ivanov2007magnetic,
	Author = {Ivanov, Alexey O and Kantorovich, Sofia S and Reznikov, Evgeniy N and Holm, Christian and Pshenichnikov, Alexander F and Lebedev, Alexander V and Chremos, Alexandros and Camp, Philip J},
	Date-Added = {2020-02-12 03:48:04 +0100},
	Date-Modified = {2020-02-12 03:48:04 +0100},
	Journal = {Physical Review E},
	Number = {6},
	Pages = {061405},
	Publisher = {APS},
	Title = {Magnetic properties of polydisperse ferrofluids: A critical comparison between experiment, theory, and computer simulation},
	Volume = {75},
	Year = {2007}}

@article{barnes1986hierarchical,
	Author = {Barnes, Josh and Hut, Piet},
	Date-Added = {2020-02-04 18:42:28 +0100},
	Date-Modified = {2020-02-04 18:42:28 +0100},
	Journal = {nature},
	Number = {6096},
	Pages = {446--449},
	Publisher = {Nature Publishing Group},
	Title = {A hierarchical O (N log N) force-calculation algorithm},
	Volume = {324},
	Year = {1986}}

@misc{griebel2007numerical,
	Author = {Griebel, Michael and Knapek, Stephan and Zumbusch, Gerhard},
	Date-Added = {2020-02-04 11:13:51 +0100},
	Date-Modified = {2020-02-04 11:13:51 +0100},
	Publisher = {Springer, Berlin},
	Title = {Numerical simulation in molecular dynamics, vol. 5 of Texts in Computational Science and Engineering},
	Year = {2007}}

@book{ohm2015signalubertragung,
	Author = {Ohm, Jens-Rainer and L{\"u}ke, Hans Dieter},
	Date-Added = {2020-02-03 08:00:47 +0100},
	Date-Modified = {2020-02-03 08:00:47 +0100},
	Publisher = {Springer-Verlag},
	Title = {Signal{\"u}bertragung: Grundlagen der digitalen und analogen Nachrichten{\"u}bertragungssysteme},
	Year = {2015}}

@book{goebbels2011mathematik,
	Author = {Goebbels, Steffen and Ritter, Stefan},
	Date-Added = {2020-02-03 07:57:42 +0100},
	Date-Modified = {2020-02-03 07:57:42 +0100},
	Publisher = {Springer},
	Title = {Mathematik verstehen und anwenden},
	Year = {2011}}

@book{ulrich2017laplace,
	Author = {Ulrich, Helmut and Weber, Hubert},
	Date-Added = {2020-02-03 07:56:05 +0100},
	Date-Modified = {2020-02-03 07:56:05 +0100},
	Publisher = {Springer},
	Title = {Laplace-, Fourier-und Z-Transformation},
	Year = {2017}}

@inproceedings{filatova2017euler,
	Author = {Filatova, Darya},
	Booktitle = {2017 International Conference on Information and Digital Technologies (IDT)},
	Date-Added = {2020-01-31 09:40:02 +0100},
	Date-Modified = {2020-01-31 09:40:02 +0100},
	Organization = {IEEE},
	Pages = {124--131},
	Title = {The Euler schemes for numerical modeling of stochastic differential equations},
	Year = {2017}}

@incollection{sauer2012numerical,
	Author = {Sauer, Timothy},
	Booktitle = {Handbook of computational finance},
	Date-Added = {2020-01-31 09:38:58 +0100},
	Date-Modified = {2020-01-31 09:38:58 +0100},
	Pages = {529--550},
	Publisher = {Springer},
	Title = {Numerical solution of stochastic differential equations in finance},
	Year = {2012}}

@article{malham2010introduction,
	Author = {Malham, Simon JA and Wiese, Anke},
	Date-Added = {2020-01-31 09:37:51 +0100},
	Date-Modified = {2020-01-31 09:37:51 +0100},
	Journal = {arXiv preprint arXiv:1004.0646},
	Title = {An introduction to SDE simulation},
	Year = {2010}}

@article{burrage2004numerical,
	Author = {Burrage, Kevin and Burrage, PM and Tian, Tianhai},
	Date-Added = {2020-01-31 09:35:39 +0100},
	Date-Modified = {2020-01-31 09:35:39 +0100},
	Journal = {Proceedings of the Royal Society of London. Series A: Mathematical, Physical and Engineering Sciences},
	Number = {2041},
	Pages = {373--402},
	Publisher = {The Royal Society},
	Title = {Numerical methods for strong solutions of stochastic differential equations: an overview},
	Volume = {460},
	Year = {2004}}

@incollection{higham2002maple,
	Author = {Higham, Desmond J and Kloeden, Peter E},
	Booktitle = {Programming Languages and Systems in Computational Economics and Finance},
	Date-Added = {2020-01-31 09:34:55 +0100},
	Date-Modified = {2020-01-31 09:34:55 +0100},
	Pages = {233--269},
	Publisher = {Springer},
	Title = {MAPLE and MATLAB for stochastic differential equations in finance},
	Year = {2002}}

@book{kloeden2013numerical,
	Author = {Kloeden, Peter E and Platen, Eckhard},
	Date-Added = {2020-01-30 20:33:34 +0100},
	Date-Modified = {2020-01-30 20:33:34 +0100},
	Publisher = {Springer Science \& Business Media},
	Title = {Numerical solution of stochastic differential equations},
	Volume = {23},
	Year = {2013}}

@book{milstein1994numerical,
	Author = {Milstein, Grigorii Noikhovich},
	Date-Added = {2020-01-30 19:43:34 +0100},
	Date-Modified = {2020-01-30 19:43:34 +0100},
	Publisher = {Springer Science \& Business Media},
	Title = {Numerical integration of stochastic differential equations},
	Volume = {313},
	Year = {1994}}

@article{hairer1999numerical,
	Author = {Hairer, Ernst and Lubich, Ch and Wanner, G},
	Date-Added = {2020-01-30 17:38:06 +0100},
	Date-Modified = {2020-01-30 17:38:06 +0100},
	Journal = {Unpublished Lecture Notes, March},
	Title = {Numerical geometric integration},
	Year = {1999}}

@book{plato2000numerische,
	Author = {Plato, Robert},
	Date-Added = {2020-01-30 17:25:45 +0100},
	Date-Modified = {2020-01-30 17:25:45 +0100},
	Publisher = {Springer},
	Title = {Numerische Mathematik kompakt},
	Year = {2000}}

@book{schwarz2013numerische,
	Author = {Schwarz, Hans-Rudolf and K{\"o}ckler, Norbert},
	Date-Added = {2020-01-30 17:21:42 +0100},
	Date-Modified = {2020-01-30 17:21:42 +0100},
	Publisher = {Springer-Verlag},
	Title = {Numerische mathematik},
	Year = {2013}}

@book{griffiths2010numerical,
	Author = {Griffiths, David F and Higham, Desmond J},
	Date-Added = {2020-01-30 17:18:19 +0100},
	Date-Modified = {2020-01-30 17:18:19 +0100},
	Publisher = {Springer Science \& Business Media},
	Title = {Numerical methods for ordinary differential equations: initial value problems},
	Year = {2010}}

@book{butcher2016numerical,
	Author = {Butcher, John Charles},
	Date-Added = {2020-01-30 17:17:57 +0100},
	Date-Modified = {2020-01-30 17:17:57 +0100},
	Publisher = {John Wiley \& Sons},
	Title = {Numerical methods for ordinary differential equations},
	Year = {2016}}

@article{landau1976mechanics,
	Author = {Landau, LD and Lifschitz, EM},
	Date-Added = {2020-01-29 07:56:32 +0100},
	Date-Modified = {2020-01-29 07:56:32 +0100},
	Journal = {Mechanics},
	Pages = {93--95},
	Title = {Mechanics Nauka, Moscow, 1988 in Russian},
	Year = {1976}}

@book{schlick2010molecular,
	Author = {Schlick, Tamar},
	Date-Added = {2020-01-20 04:55:35 +0100},
	Date-Modified = {2020-01-20 04:55:35 +0100},
	Publisher = {Springer Science \& Business Media},
	Title = {Molecular modeling and simulation: an interdisciplinary guide: an interdisciplinary guide},
	Volume = {21},
	Year = {2010}}

@article{kubo1957statistical,
	Author = {Kubo, Ryogo},
	Date-Added = {2020-01-20 01:03:30 +0100},
	Date-Modified = {2020-01-20 01:03:30 +0100},
	Journal = {Journal of the Physical Society of Japan},
	Number = {6},
	Pages = {570--586},
	Publisher = {The Physical Society of Japan},
	Title = {Statistical-mechanical theory of irreversible processes. I. General theory and simple applications to magnetic and conduction problems},
	Volume = {12},
	Year = {1957}}

@phdthesis{sreekumari2015simulation,
	Author = {Sreekumari, Aparna},
	Date-Added = {2020-01-19 06:59:40 +0100},
	Date-Modified = {2020-01-19 06:59:40 +0100},
	School = {ETH Zurich},
	Title = {Simulation Study of Structure, Dynamics and Rheology of Structure-forming Ferrofluids},
	Year = {2015}}

@article{berkov2002magnetization,
	Author = {Berkov, DV and Gorn, NL and G{\"o}rnert, P},
	Date-Added = {2020-01-19 06:10:03 +0100},
	Date-Modified = {2020-01-19 06:10:03 +0100},
	Journal = {physica status solidi (a)},
	Number = {2},
	Pages = {409--421},
	Publisher = {Wiley Online Library},
	Title = {Magnetization dynamics in nanoparticle systems: numerical simulation using Langevin dynamics},
	Volume = {189},
	Year = {2002}}

@article{rogge2013simulation,
	Author = {Rogge, Henrik and Erbe, Marlitt and Buzug, Thorsten M and L{\"u}dtke-Buzug, Kerstin},
	Date-Added = {2020-01-19 06:04:18 +0100},
	Date-Modified = {2020-01-19 06:04:18 +0100},
	Journal = {Biomedizinische Technik/Biomedical Engineering},
	Number = {6},
	Pages = {601--609},
	Publisher = {De Gruyter},
	Title = {Simulation of the magnetization dynamics of diluted ferrofluids in medical applications},
	Volume = {58},
	Year = {2013}}

@book{arnol2013mathematical,
	Author = {Arnol'd, Vladimir Igorevich},
	Date-Added = {2020-01-19 01:40:10 +0100},
	Date-Modified = {2020-01-19 01:40:10 +0100},
	Publisher = {Springer Science \& Business Media},
	Title = {Mathematical methods of classical mechanics},
	Volume = {60},
	Year = {2013}}

@book{lanczos2012variational,
	Author = {Lanczos, Cornelius},
	Date-Added = {2020-01-19 01:31:12 +0100},
	Date-Modified = {2020-01-19 01:31:12 +0100},
	Publisher = {Courier Corporation},
	Title = {The variational principles of mechanics},
	Year = {2012}}

@book{deriglazov2016classical,
	Author = {Deriglazov, Alexei},
	Date-Added = {2020-01-19 01:14:27 +0100},
	Date-Modified = {2020-01-19 01:14:27 +0100},
	Publisher = {Springer},
	Title = {Classical mechanics},
	Year = {2016}}

@book{strocchi2018primer,
	Author = {Strocchi, Franco},
	Date-Added = {2020-01-19 01:13:32 +0100},
	Date-Modified = {2020-01-19 01:13:32 +0100},
	Publisher = {Springer},
	Title = {A primer of Analytical Mechanics},
	Year = {2018}}

@book{pletser2018lagrangian,
	Author = {Pletser, Vladimir},
	Date-Added = {2020-01-19 01:12:56 +0100},
	Date-Modified = {2020-01-19 01:12:56 +0100},
	Publisher = {Springer},
	Title = {Lagrangian and Hamiltonian Analytical Mechanics: Forty Exercises Resolved and Explained},
	Year = {2018}}

@book{lamb1924hydrodynamics,
	Author = {Lamb, Horace},
	Date-Added = {2020-01-19 00:39:51 +0100},
	Date-Modified = {2020-01-19 00:39:51 +0100},
	Publisher = {University Press},
	Title = {Hydrodynamics},
	Year = {1924}}

@book{batchelor2000introduction,
	Author = {Batchelor, Cx K and Batchelor, GK},
	Date-Added = {2020-01-19 00:24:05 +0100},
	Date-Modified = {2020-01-19 00:24:05 +0100},
	Publisher = {Cambridge university press},
	Title = {An introduction to fluid dynamics},
	Year = {2000}}

@article{schwabl2000statistische,
	Author = {Schwabl, Franz},
	Date-Added = {2020-01-19 00:02:47 +0100},
	Date-Modified = {2020-01-19 00:02:47 +0100},
	Journal = {Berlin [ua]: Springer},
	Title = {Statistische Mechanik},
	Year = {2000}}

@book{papoulis2002probability,
	Author = {Papoulis, Athanasios and Pillai, S Unnikrishna},
	Date-Added = {2020-01-18 23:55:34 +0100},
	Date-Modified = {2020-01-18 23:55:34 +0100},
	Publisher = {Tata McGraw-Hill Education},
	Title = {Probability, random variables, and stochastic processes},
	Year = {2002}}

@article{lemons1997paul,
	Author = {Lemons, Don S and Gythiel, Anthony},
	Date-Added = {2020-01-18 00:25:38 +0100},
	Date-Modified = {2020-01-18 00:25:38 +0100},
	Journal = {American Journal of Physics},
	Number = {11},
	Pages = {1079--1081},
	Publisher = {AAPT},
	Title = {Paul Langevin's 1908 paper ``on the theory of Brownian motion''[``Sur la th{\'e}orie du mouvement brownien,'' CR Acad. Sci.(Paris) 146, 530--533 (1908)]},
	Volume = {65},
	Year = {1997}}

@article{langevin1908theorie,
	Author = {Langevin, Paul},
	Date-Added = {2020-01-17 23:22:47 +0100},
	Date-Modified = {2020-01-17 23:22:47 +0100},
	Journal = {Compt. Rendus},
	Pages = {530--533},
	Title = {Sur la th{\'e}orie du mouvement brownien},
	Volume = {146},
	Year = {1908}}

@book{langevin1908theory,
	Author = {Langevin, Paul},
	Date-Added = {2020-01-17 23:22:23 +0100},
	Date-Modified = {2020-01-17 23:22:23 +0100},
	Title = {On the theory of Brownian motion},
	Year = {1908}}

@article{wang2003structure,
	Author = {Wang, Zuowei and Holm, Christian},
	Date-Added = {2020-01-17 21:37:33 +0100},
	Date-Modified = {2020-01-17 21:37:33 +0100},
	Journal = {Physical Review E},
	Number = {4},
	Pages = {041401},
	Publisher = {APS},
	Title = {Structure and magnetic properties of polydisperse ferrofluids: A molecular dynamics study},
	Volume = {68},
	Year = {2003}}

@article{meriguet2005brownian,
	Author = {M{\'e}riguet, Guillaume and Jardat, Marie and Turq, Pierre},
	Date-Added = {2020-01-17 21:34:21 +0100},
	Date-Modified = {2020-01-17 21:34:21 +0100},
	Journal = {The Journal of chemical physics},
	Number = {14},
	Pages = {144915},
	Publisher = {AIP},
	Title = {Brownian dynamics investigation of magnetization and birefringence relaxations in ferrofluids},
	Volume = {123},
	Year = {2005}}

@article{rosensweig1985ferrohydrodynamics,
	Author = {Rosensweig, RE},
	Date-Added = {2020-01-17 20:27:34 +0100},
	Date-Modified = {2020-01-17 20:27:34 +0100},
	Journal = {New York, Melbourne},
	Title = {Ferrohydrodynamics Cambridge University Press Cambridge},
	Year = {1985}}

@incollection{landau1992theory,
	Author = {Landau, LALE and Lifshitz, Evgeny},
	Booktitle = {Perspectives in Theoretical Physics},
	Date-Added = {2020-01-17 20:01:49 +0100},
	Date-Modified = {2020-01-17 20:01:49 +0100},
	Pages = {51--65},
	Publisher = {Elsevier},
	Title = {On the theory of the dispersion of magnetic permeability in ferromagnetic bodies},
	Year = {1992}}

@article{yung1998analytic,
	Author = {Yung, Kar W and Landecker, Peter B and Villani, Daniel D},
	Date-Added = {2020-01-17 17:00:24 +0100},
	Date-Modified = {2020-01-17 17:00:24 +0100},
	Journal = {Physical Separation in Science and Engineering},
	Number = {1},
	Pages = {39--52},
	Publisher = {Hindawi},
	Title = {An analytic solution for the force between two magnetic dipoles},
	Volume = {9},
	Year = {1998}}

@book{purcell2013electricity,
	Author = {Purcell, Edward M and Morin, David J},
	Date-Added = {2020-01-17 16:06:50 +0100},
	Date-Modified = {2020-01-17 16:06:50 +0100},
	Publisher = {Cambridge University Press},
	Title = {Electricity and magnetism},
	Year = {2013}}

@book{lehner2010electromagnetic,
	Author = {Lehner, G{\"u}nther},
	Date-Added = {2020-01-17 15:11:07 +0100},
	Date-Modified = {2020-01-17 15:11:07 +0100},
	Publisher = {Springer Science \& Business Media},
	Title = {Electromagnetic field theory for engineers and physicists},
	Year = {2010}}

@article{kutteh1995implementing,
	Author = {Kutteh, Ramzi and Nicholas, John B},
	Date-Added = {2020-01-15 00:18:50 +0100},
	Date-Modified = {2020-01-15 00:18:50 +0100},
	Journal = {Computer Physics Communications},
	Number = {3},
	Pages = {236--254},
	Publisher = {Elsevier},
	Title = {Implementing the cell multipole method for dipolar and charged dipolar systems},
	Volume = {86},
	Year = {1995}}

@article{berkov1998quasistatic,
	Author = {Berkov, DV and Gorn, NL},
	Date-Added = {2020-01-15 00:18:28 +0100},
	Date-Modified = {2020-01-15 00:18:28 +0100},
	Journal = {Physical Review B},
	Number = {22},
	Pages = {14332},
	Publisher = {APS},
	Title = {Quasistatic remagnetization processes in two-dimensional systems with random on-site anisotropy and dipolar interaction: Numerical simulations},
	Volume = {57},
	Year = {1998}}

@article{ding1992atomic,
	Author = {Ding, Hong-Qiang and Karasawa, Naoki and Goddard III, William A},
	Date-Added = {2020-01-15 00:18:05 +0100},
	Date-Modified = {2020-01-15 00:18:05 +0100},
	Journal = {The Journal of chemical physics},
	Number = {6},
	Pages = {4309--4315},
	Publisher = {AIP},
	Title = {Atomic level simulations on a million particles: The cell multipole method for Coulomb and London nonbond interactions},
	Volume = {97},
	Year = {1992}}

@article{deserno1998mesh,
	Author = {Deserno, Markus and Holm, Christian},
	Date-Added = {2020-01-15 00:17:44 +0100},
	Date-Modified = {2020-01-15 00:17:44 +0100},
	Journal = {The Journal of chemical physics},
	Number = {18},
	Pages = {7678--7693},
	Publisher = {AIP},
	Title = {How to mesh up Ewald sums. I. A theoretical and numerical comparison of various particle mesh routines},
	Volume = {109},
	Year = {1998}}

@article{yokota2013petascale,
	Author = {Yokota, Rio and Barba, Lorena A and Narumi, Tetsu and Yasuoka, Kenji},
	Date-Added = {2020-01-15 00:15:33 +0100},
	Date-Modified = {2020-01-15 00:15:33 +0100},
	Journal = {Computer Physics Communications},
	Number = {3},
	Pages = {445--455},
	Publisher = {Elsevier},
	Title = {Petascale turbulence simulation using a highly parallel fast multipole method on GPUs},
	Volume = {184},
	Year = {2013}}

@article{ilg2003dynamics,
	Author = {Ilg, Patrick and Kr{\"o}ger, Martin and Hess, Siegfried and Zubarev, Andrey Yu},
	Date-Added = {2020-01-03 09:12:50 +0100},
	Date-Modified = {2020-01-03 09:12:50 +0100},
	Journal = {Physical Review E},
	Number = {6},
	Pages = {061401},
	Publisher = {APS},
	Title = {Dynamics of colloidal suspensions of ferromagnetic particles in plane Couette flow: Comparison of approximate solutions with Brownian dynamics simulations},
	Volume = {67},
	Year = {2003}}

@article{martens2013modeling,
	Author = {Martens, Michael A and Deissler, Robert J and Wu, Yong and Bauer, Lisa and Yao, Zhen and Brown, Robert and Griswold, Mark},
	Date-Added = {2020-01-03 09:12:24 +0100},
	Date-Modified = {2020-01-03 09:12:24 +0100},
	Journal = {Medical physics},
	Number = {2},
	Pages = {022303},
	Publisher = {Wiley Online Library},
	Title = {Modeling the Brownian relaxation of nanoparticle ferrofluids: Comparison with experiment},
	Volume = {40},
	Year = {2013}}

@article{berkov2006langevin,
	Author = {Berkov, DV and Gorn, NL and Schmitz, R and Stock, D},
	Date-Added = {2020-01-03 09:11:34 +0100},
	Date-Modified = {2020-01-03 09:11:34 +0100},
	Journal = {Journal of Physics: Condensed Matter},
	Number = {38},
	Pages = {S2595},
	Publisher = {IOP Publishing},
	Title = {Langevin dynamic simulations of fast remagnetization processes in ferrofluids with internal magnetic degrees of freedom},
	Volume = {18},
	Year = {2006}}

@article{huang2005computer,
	Author = {Huang, JP and Wang, ZW and Holm, Christian},
	Date-Added = {2020-01-03 09:11:11 +0100},
	Date-Modified = {2020-01-03 09:11:11 +0100},
	Journal = {Physical Review E},
	Number = {6},
	Pages = {061203},
	Publisher = {APS},
	Title = {Computer simulations of the structure of colloidal ferrofluids},
	Volume = {71},
	Year = {2005}}

@article{wang2002molecular,
	Author = {Wang, Zuowei and Holm, Christian and M{\"u}ller, Hanns Walter},
	Date-Added = {2020-01-03 09:10:51 +0100},
	Date-Modified = {2020-01-03 09:10:51 +0100},
	Journal = {Physical Review E},
	Number = {2},
	Pages = {021405},
	Publisher = {APS},
	Title = {Molecular dynamics study on the equilibrium magnetization properties and structure of ferrofluids},
	Volume = {66},
	Year = {2002}}

@book{stokes1851effect,
	Author = {Stokes, George Gabriel},
	Date-Added = {2019-11-01 22:15:58 +0100},
	Date-Modified = {2019-11-01 22:15:58 +0100},
	Publisher = {Pitt Press Cambridge},
	Title = {On the effect of the internal friction of fluids on the motion of pendulums},
	Volume = {9},
	Year = {1851}}

@book{wolschin2016hydrodynamik,
	Author = {Wolschin, Georg},
	Date-Added = {2019-10-19 14:18:28 +0200},
	Date-Modified = {2019-10-19 14:18:28 +0200},
	Publisher = {Springer},
	Title = {Hydrodynamik},
	Year = {2016}}

@incollection{risken1996fokker,
	Author = {Risken, Hannes},
	Booktitle = {The Fokker-Planck Equation},
	Date-Added = {2019-09-25 19:54:12 +0200},
	Date-Modified = {2019-09-25 19:54:12 +0200},
	Pages = {63--95},
	Publisher = {Springer},
	Title = {Fokker-planck equation},
	Year = {1996}}

@article{scherer2005ferrofluids,
	Author = {Scherer, Claudio and Figueiredo Neto, Antonio Martins},
	Date-Added = {2019-07-16 06:15:38 +0200},
	Date-Modified = {2019-07-16 06:15:38 +0200},
	Journal = {Brazilian Journal of Physics},
	Number = {3A},
	Pages = {718--727},
	Publisher = {SciELO Brasil},
	Title = {Ferrofluids: properties and applications},
	Volume = {35},
	Year = {2005}}

@article{kandelousi2015simulation,
	Author = {Kandelousi, Mohsen Sheikholeslami and Ellahi, Rahmat},
	Date-Added = {2019-07-16 06:08:43 +0200},
	Date-Modified = {2019-07-16 06:08:43 +0200},
	Journal = {Zeitschrift f{\"u}r Naturforschung A},
	Number = {2},
	Pages = {115--124},
	Publisher = {De Gruyter},
	Title = {Simulation of ferrofluid flow for magnetic drug targeting using the lattice Boltzmann method},
	Volume = {70},
	Year = {2015}}

@article{oldenburg2000numerical,
	Author = {Oldenburg, Curtis M and Borglin, Sharon E and Moridis, George J},
	Date-Added = {2019-07-16 06:07:32 +0200},
	Date-Modified = {2019-07-16 06:07:32 +0200},
	Journal = {Transport in Porous Media},
	Number = {3},
	Pages = {319--344},
	Publisher = {Springer},
	Title = {Numerical simulation of ferrofluid flow for subsurface environmental engineering applications},
	Volume = {38},
	Year = {2000}}

@article{polyakov2013large,
	Author = {Polyakov, A Yu and Lyutyy, Taras V and Denisov, S and Reva, VV and H{\"a}nggi, Peter},
	Date-Added = {2019-07-16 06:06:23 +0200},
	Date-Modified = {2019-07-16 06:06:23 +0200},
	Journal = {Computer Physics Communications},
	Number = {6},
	Pages = {1483--1489},
	Publisher = {Elsevier},
	Title = {Large-scale ferrofluid simulations on graphics processing units},
	Volume = {184},
	Year = {2013}}

@article{rosensweig1987magnetic,
	Author = {Rosensweig, Ronald E},
	Date-Added = {2019-07-16 06:05:57 +0200},
	Date-Modified = {2019-07-16 06:05:57 +0200},
	Journal = {Annual review of fluid mechanics},
	Number = {1},
	Pages = {437--461},
	Publisher = {Annual Reviews 4139 El Camino Way, PO Box 10139, Palo Alto, CA 94303-0139, USA},
	Title = {Magnetic fluids},
	Volume = {19},
	Year = {1987}}

@article{huang2019accurate,
	Author = {HUANG, LIBO and H{\"A}DRICH, TORSTEN and MICHELS, DOMINIK L},
	Date-Added = {2019-07-16 06:05:04 +0200},
	Date-Modified = {2019-07-16 06:05:04 +0200},
	Title = {On the Accurate Large-scale Simulation of Ferrofluids},
	Year = {2019}}

@article{hamaker1937london,
	Author = {Hamaker, Hugo C},
	Date-Added = {2019-07-16 06:04:41 +0200},
	Date-Modified = {2019-07-16 06:04:41 +0200},
	Journal = {physica},
	Number = {10},
	Pages = {1058--1072},
	Publisher = {Elsevier},
	Title = {The London---van der Waals attraction between spherical particles},
	Volume = {4},
	Year = {1937}}

@article{berendsen1995gromacs,
	Author = {Berendsen, Herman JC and van der Spoel, David and van Drunen, Rudi},
	Date-Added = {2019-07-15 19:02:18 +0200},
	Date-Modified = {2019-07-15 19:02:18 +0200},
	Journal = {Computer physics communications},
	Number = {1-3},
	Pages = {43--56},
	Publisher = {Elsevier},
	Title = {GROMACS: a message-passing parallel molecular dynamics implementation},
	Volume = {91},
	Year = {1995}}

@book{marx2009ab,
	Author = {Marx, Dominik and Hutter, J{\"u}rg},
	Date-Added = {2019-07-15 19:01:52 +0200},
	Date-Modified = {2019-07-15 19:01:52 +0200},
	Publisher = {Cambridge University Press},
	Title = {Ab initio molecular dynamics: basic theory and advanced methods},
	Year = {2009}}

@book{odenbach2008ferrofluids,
	Author = {Odenbach, Stefan},
	Date-Added = {2019-07-15 18:59:20 +0200},
	Date-Modified = {2019-07-15 18:59:20 +0200},
	Publisher = {Springer},
	Title = {Ferrofluids: magnetically controllable fluids and their applications},
	Volume = {594},
	Year = {2008}}

@incollection{odenbach2002magnetoviscous,
	Author = {Odenbach, Stefan and Thurm, Steffen},
	Booktitle = {Ferrofluids},
	Date-Added = {2019-07-15 18:58:47 +0200},
	Date-Modified = {2019-07-15 18:58:47 +0200},
	Pages = {185--201},
	Publisher = {Springer},
	Title = {Magnetoviscous effects in ferrofluids},
	Year = {2002}}

@book{landau2014guide,
	Author = {Landau, David P and Binder, Kurt},
	Date-Added = {2019-07-15 18:57:51 +0200},
	Date-Modified = {2019-07-15 18:57:51 +0200},
	Publisher = {Cambridge university press},
	Title = {A guide to Monte Carlo simulations in statistical physics},
	Year = {2014}}

@article{haile1993molecular,
	Author = {Haile, JM and Johnston, Ian and Mallinckrodt, A John and McKay, Susan},
	Date-Added = {2019-07-15 18:57:15 +0200},
	Date-Modified = {2019-07-15 18:57:15 +0200},
	Journal = {Computers in Physics},
	Number = {6},
	Pages = {625--625},
	Publisher = {AIP},
	Title = {Molecular dynamics simulation: elementary methods},
	Volume = {7},
	Year = {1993}}

@book{rapaport2004art,
	Author = {Rapaport, Dennis C and Rapaport, Dennis C Rapaport},
	Date-Added = {2019-07-15 18:56:00 +0200},
	Date-Modified = {2019-07-15 18:56:00 +0200},
	Publisher = {Cambridge university press},
	Title = {The art of molecular dynamics simulation},
	Year = {2004}}

@book{leach2001molecular,
	Author = {Leach, Andrew R and Leach, Andrew R},
	Date-Added = {2019-07-15 18:53:35 +0200},
	Date-Modified = {2019-07-15 18:53:35 +0200},
	Publisher = {Pearson education},
	Title = {Molecular modelling: principles and applications},
	Year = {2001}}

@book{frenkel2001understanding,
	Author = {Frenkel, Daan and Smit, Berend},
	Date-Added = {2019-07-15 18:51:17 +0200},
	Date-Modified = {2019-07-15 18:51:17 +0200},
	Publisher = {Elsevier},
	Title = {Understanding molecular simulation: from algorithms to applications},
	Volume = {1},
	Year = {2001}}

@book{odenbach2009colloidal,
	Author = {Odenbach, Stefan},
	Date-Added = {2019-07-15 18:50:23 +0200},
	Date-Modified = {2019-07-15 18:50:23 +0200},
	Publisher = {Springer},
	Title = {Colloidal magnetic fluids: basics, development and application of ferrofluids},
	Volume = {763},
	Year = {2009}}

@book{rosensweig2013ferrohydrodynamics,
	Author = {Rosensweig, Ronald E},
	Date-Added = {2019-07-15 18:49:33 +0200},
	Date-Modified = {2019-07-15 18:49:33 +0200},
	Publisher = {Courier Corporation},
	Title = {Ferrohydrodynamics},
	Year = {2013}}

@book{simonyi1989theoretische,
	Author = {Simonyi, K{\'a}roly},
	Date-Added = {2018-07-16 18:03:25 +0000},
	Date-Modified = {2018-07-16 18:03:25 +0000},
	Publisher = {Deutscher Verl. der Wissenschaften},
	Title = {Theoretische elektrotechnik},
	Year = {1989}}

@misc{jackson1999classical,
	Author = {Jackson, John David},
	Date-Added = {2018-07-16 18:02:45 +0000},
	Date-Modified = {2018-07-16 18:02:45 +0000},
	Publisher = {AAPT},
	Title = {Classical electrodynamics},
	Year = {1999}}

@book{tipler2009physik,
	Author = {Tipler, Paul A and Mosca, Gene},
	Date-Added = {2018-01-31 21:04:10 +0000},
	Date-Modified = {2018-01-31 21:04:30 +0000},
	Journal = {Auflage, Heidelberg},
	Publisher = {Springer-Verlag},
	Title = {Physik f{\"u}r Wissenschaftler und Ingenieure, 6},
	Year = {2009}}
